<record><leader>00000cas a22000007a 4500</leader><controlfield tag="001">15123201</controlfield><controlfield tag="008">870128d19641968msuwr ne      0    0eng d</controlfield><datafield ind1=" " ind2=" " tag="010"><subfield code="a">sn 87065079 </subfield></datafield><datafield ind1=" " ind2=" " tag="040"><subfield code="a">MJA</subfield><subfield code="b">eng</subfield><subfield code="c">MJA</subfield><subfield code="d">MSJ</subfield><subfield code="d">KNP</subfield><subfield code="d">OCLCQ</subfield></datafield><datafield ind1=" " ind2=" " tag="042"><subfield code="a">msc</subfield></datafield><datafield ind1="0" ind2=" " tag="130"><subfield code="a">Tri-county times (Eupora, Miss.)</subfield></datafield><datafield ind1="1" ind2="0" tag="245"><subfield code="a">Tri-county times.</subfield></datafield><datafield ind1=" " ind2=" " tag="260"><subfield code="a">Eupora, Miss. :</subfield><subfield code="b">Webster Pub. Co.,</subfield><subfield code="c">1964-1968.</subfield></datafield><datafield ind1=" " ind2=" " tag="300"><subfield code="a">v.</subfield></datafield><datafield ind1=" " ind2=" " tag="310"><subfield code="a">Weekly</subfield></datafield><datafield ind1="0" ind2=" " tag="362"><subfield code="a">Vol. 1, no. 1 (Sept. 10, 1964)-v. 4, no. 21 (Jan. 25, 1968).</subfield></datafield><datafield ind1=" " ind2=" " tag="500"><subfield code="a">The words "Webster" "Choctaw" and "Oktibbeha" appear on the masthead.</subfield></datafield><datafield ind1=" " ind2=" " tag="752"><subfield code="a">United States</subfield><subfield code="b">Mississippi</subfield><subfield code="c">Webster</subfield><subfield code="d">Eupora.</subfield></datafield><datafield ind1=" " ind2=" " tag="752"><subfield code="a">United States</subfield><subfield code="b">Mississippi</subfield><subfield code="c">Choctaw.</subfield></datafield><datafield ind1=" " ind2=" " tag="752"><subfield code="a">United States</subfield><subfield code="b">Mississippi</subfield><subfield code="c">Oktibbeha.</subfield></datafield><datafield ind1="0" ind2="7" tag="785"><subfield code="t">Webster progress</subfield><subfield code="w">(DLC)sn 87065080</subfield><subfield code="w">(OCoLC)15122901</subfield></datafield><datafield ind1="0" ind2="7" tag="785"><subfield code="t">Webster progress-times</subfield><subfield code="w">(DLC)sn 87065081</subfield><subfield code="w">(OCoLC)15122667</subfield></datafield></record>